@incollection{Bengio_chapter2007,
author = {Bengio, Yoshua and LeCun, Yann},
booktitle = {Large Scale Kernel Machines},
publisher = {MIT Press},
title = {Scaling Learning Algorithms Towards {AI}},
year = {2007}
}
@book{goodfellow2016deep,
title={Deep learning},
author={Goodfellow, Ian and Bengio, Yoshua and Courville, Aaron and Bengio, Yoshua},
volume={1},
year={2016},
publisher={MIT Press}
}

@article{deng2012mnist,
  title={The mnist database of handwritten digit images for machine learning research},
  author={Deng, Li},
  journal={IEEE Signal Processing Magazine},
  volume={29},
  number={6},
  pages={141--142},
  year={2012},
  publisher={IEEE}
}

@inproceedings{medmnistv1,
    title={MedMNIST Classification Decathlon: A Lightweight AutoML Benchmark for Medical Image Analysis},
    author={Yang, Jiancheng and Shi, Rui and Ni, Bingbing},
    booktitle={IEEE 18th International Symposium on Biomedical Imaging (ISBI)},
    pages={191--195},
    year={2021}
}